%% This BibTeX bibliography file was created using BibDesk.
%% http://bibdesk.sourceforge.net/


%% Created for Alaina Ross at 2017-03-03 14:43:12 -0500 


%% Saved with string encoding Unicode (UTF-8) 



@article{lan,
	Author = {Cornelius Lanczos},
	Date-Added = {2017-03-03 19:31:41 +0000},
	Date-Modified = {2017-03-03 19:32:48 +0000},
	Journal = {Journal of Research of the National Bureau of Standards},
	Number = {4},
	Pages = {2133},
	Title = {An Iteration Method for the Solution of the Eigenvalue Problem of Linear Differential and Integral Operators},
	Volume = {45},
	Year = {1950}}

@article{interact,
	Author = {M. Taut},
	Date-Added = {2017-03-02 16:59:13 +0000},
	Date-Modified = {2017-03-02 17:01:44 +0000},
	Journal = {Phys. Rev. A},
	Number = {5},
	Pages = {3561},
	Title = {Two electrons in an external oscillator potential: Particular analytic solutions of a Coulomb correlation problem},
	Volume = {48},
	Year = {1993}}

@article{armadillo,
	Author = {Conrad Sanderson and Ryan Curtin},
	Date-Added = {2017-02-03 19:46:10 +0000},
	Date-Modified = {2017-03-03 19:43:09 +0000},
	Journal = {Journal of Open Source Software},
	Pages = {26},
	Title = {Armadillo: a template-based C++ library for linear algebra},
	Volume = {1},
	Year = {2016}}

@book{book,
	Author = {Ward Cheney and David Kincaid},
	Date-Added = {2016-12-07 06:32:38 +0000},
	Date-Modified = {2016-12-07 06:34:10 +0000},
	Edition = {Sixth},
	Publisher = {Thompson Brooks/Cole},
	Title = {Numerical Mathematics and Computing},
	Year = {2008}}

@book{cmse,
	Author = {Georg Hager and Gerhard Wellein},
	Date-Added = {2016-12-07 06:34:26 +0000},
	Date-Modified = {2016-12-07 06:48:23 +0000},
	Publisher = {CRC Press},
	Title = {Introduction to High Performance Computing for Scientists and Engineers},
	Year = {2010}}
